<?xml version="1.0" encoding="UTF-8"?><record xmlns="http://www.loc.gov/MARC21/slim" xmlns:cinclude="http://apache.org/cocoon/include/1.0" xmlns:zs="http://www.loc.gov/zing/srw/">
  <leader>00548nz  a2200133n  4500</leader>
  <controlfield tag="001">n 2015003306</controlfield>
  <controlfield tag="003">DLC</controlfield>
  <controlfield tag="005">20150115141317.0</controlfield>
  <controlfield tag="008">150115n| azannaabn          |a ana      </controlfield>
  <datafield tag="010" ind1=" " ind2=" ">
    <subfield code="a">n 2015003306</subfield>
  </datafield>
  <datafield tag="040" ind1=" " ind2=" ">
    <subfield code="a">DLC</subfield>
    <subfield code="b">eng</subfield>
    <subfield code="e">rda</subfield>
    <subfield code="c">DLC</subfield>
  </datafield>
  <datafield tag="110" ind1="1" ind2=" ">
    <subfield code="a">Afghanistan.</subfield>
    <subfield code="t">Madanī Qānūn.</subfield>
    <subfield code="l">English</subfield>
  </datafield>
  <datafield tag="410" ind1="1" ind2=" ">
    <subfield code="a">Afghanistan.</subfield>
    <subfield code="t">Civil Code of the Republic of Afghanistan</subfield>
  </datafield>
  <datafield tag="670" ind1=" " ind2=" ">
    <subfield code="a">Civil law of the Republic of Afghanistan,  2014?</subfield>
    <subfield code="b">at head of law, p. 15, etc. (Civil Code of the Republic of Afghanistan; Madani Qanun Decree 1,458 of 5 Jan. 1977 in Gazette 1977 no. 353)</subfield>
  </datafield>
</record>